@inbook{Rohrer,
  title={Eine Grammatiktheorie für die Prozedurale Linguistik: Die Lexikalisch- Funktionale Grammatik (LFG)},
  booktitle = {Sprache in Mensch und Computer},
  booksubtitle = {Kognitive und neuronale Sprachverarbeitung},
  editor={Schnelle, H. and Rickheit, G.},
  author={Rohrer, Christian and Schwarze, Christoph},
  series={Psycholinguistische Studien},
  year={1988},
  publisher={Westdeutscher Verlag},
  pages = {9-62},
}

@book{Dal,
 author={Dalrymple, Mary},
 title={Lexical Functional Grammar},
 address={San Diego, California [u.a.]},
 publisher={Academic Press},
 year={2007},
 series={Syntax and semantics; 34},
}

@book{Falk,
 author={Falk, Yehuda},
 title={Lexical-Functional Grammar},
 subtitle={an Introduction to Parallel Constraint-Based Syntax},
 edition={5},
 address={Stanford, California},
 publisher={CSLI Publications},
 year={2006},
 series={CSLI lecture notes; 126},
}

@book{Bresnan,
 author={Bresnan, Joan},
 title={Lexical-Functional Syntax},
 address={Malden, Massachusetts [u.a.]},
 publisher={Blackwell},
 year={2004},
 series={Blackwell textbooks in linguistics; 16},
}

@Misc{Skript,
author = {Christian Fortmann},
title = {Deutsche Syntax in der Lexikalisch Funktionalen Grammatik},
address={Stuttgart},
year={2006},
month = {September},
publisher={Universität Stuttgart: Institut für Maschinelle Sprachverarbeitung},
url={http://www.essex.ac.uk/linguistics/external/lfg/www-lfg.stanford.edu/pubs/lfg-presentations/Fortmann-lfg-06.pdf},
urldate = {04.01.2016},
}


